<record><leader>00000cas a22000007a 4500</leader><controlfield tag="001">11145674</controlfield><controlfield tag="008">840912d18891922utucr ne      0    0eng d</controlfield><datafield ind1=" " ind2=" " tag="010"><subfield code="a">sn 84024757 </subfield></datafield><datafield ind1=" " ind2=" " tag="040"><subfield code="a">NPV</subfield><subfield code="b">eng</subfield><subfield code="c">NPV</subfield><subfield code="d">UNP</subfield><subfield code="d">DLC</subfield><subfield code="d">NVF</subfield><subfield code="d">OCL</subfield><subfield code="d">OCLCG</subfield><subfield code="d">UBY</subfield><subfield code="d">OCLCQ</subfield><subfield code="d">OCLCF</subfield><subfield code="d">OCLCO</subfield></datafield><datafield ind1="1" ind2=" " tag="029"><subfield code="a">AU@</subfield><subfield code="b">000003469636</subfield></datafield><datafield ind1=" " ind2=" " tag="042"><subfield code="a">msc</subfield></datafield><datafield ind1=" " ind2=" " tag="043"><subfield code="a">n-us-ut</subfield></datafield><datafield ind1="0" ind2="0" tag="245"><subfield code="a">Deseret semi-weekly news.</subfield></datafield><datafield ind1="1" ind2="3" tag="246"><subfield code="a">Deseret news</subfield><subfield code="f">June 17, 1920-June 12, 1922</subfield></datafield><datafield ind1="1" ind2="3" tag="246"><subfield code="a">Semi-weekly Deseret news</subfield></datafield><datafield ind1=" " ind2=" " tag="260"><subfield code="a">Salt Lake City, Utah :</subfield><subfield code="b">Deseret News Co.,</subfield><subfield code="c">1889-1922.</subfield></datafield><datafield ind1=" " ind2=" " tag="300"><subfield code="a">v. :</subfield><subfield code="b">ill. ;</subfield><subfield code="c">60 cm.</subfield></datafield><datafield ind1=" " ind2=" " tag="310"><subfield code="a">Semiweekly</subfield></datafield><datafield ind1=" " ind2=" " tag="321"><subfield code="a">Weekly,</subfield><subfield code="b">Aug. 11-Aug. 25, 1893</subfield></datafield><datafield ind1="1" ind2=" " tag="362"><subfield code="a">Began in Jan. 1889?</subfield></datafield><datafield ind1="0" ind2=" " tag="362"><subfield code="a">-v. 33, no. 89 (Jan. 3, 1899); 49th year, no. 90 (Jan. 6, 1899)-72nd year, no. 31 (June 12, 1922).</subfield></datafield><datafield ind1=" " ind2=" " tag="500"><subfield code="a">Editor: &lt;Jan. 3, 1899&gt;-&lt;1901&gt; C.W. Penrose.</subfield></datafield><datafield ind1=" " ind2=" " tag="515"><subfield code="a">Assumes volume numbering of weekly ed., Deseret weekly, with Jan. 6, 1899 issue.</subfield></datafield><datafield ind1=" " ind2=" " tag="525"><subfield code="a">Extra issued Apr. 19, 1906.</subfield></datafield><datafield ind1=" " ind2=" " tag="550"><subfield code="a">Official organ of the Church of Jesus Christ of Latter-Day Saints. Cf. Jan. 3, 1899 issue.</subfield></datafield><datafield ind1=" " ind2=" " tag="580"><subfield code="a">Daily eds.: Deseret evening news, &lt;1889&gt;-1920, and: Deseret news (Salt Lake City, Utah : 1920), 1920-1922.</subfield></datafield><datafield ind1=" " ind2=" " tag="580"><subfield code="a">Weekly ed.: Deseret weekly, &lt;1889&gt;-1898.</subfield></datafield><datafield ind1=" " ind2=" " tag="588"><subfield code="a">Description based on: Vol. 24, no. 1 (Jan. 29, 1889).</subfield></datafield><datafield ind1=" " ind2="0" tag="651"><subfield code="a">Salt Lake City (Utah)</subfield><subfield code="v">Newspapers.</subfield></datafield><datafield ind1=" " ind2="7" tag="655"><subfield code="a">Newspapers.</subfield><subfield code="2">fast</subfield><subfield code="0">(OCoLC)fst01423814</subfield></datafield><datafield ind1=" " ind2="7" tag="651"><subfield code="a">Utah</subfield><subfield code="z">Salt Lake City.</subfield><subfield code="2">fast</subfield><subfield code="0">(OCoLC)fst01205314</subfield></datafield><datafield ind1="1" ind2=" " tag="700"><subfield code="a">Penrose, Charles W.</subfield><subfield code="q">(Charles William),</subfield><subfield code="d">1832-1925.</subfield></datafield><datafield ind1="2" ind2=" " tag="710"><subfield code="a">Church of Jesus Christ of Latter-day Saints.</subfield></datafield><datafield ind1=" " ind2=" " tag="752"><subfield code="a">United States</subfield><subfield code="b">Utah</subfield><subfield code="c">Salt Lake</subfield><subfield code="d">Salt Lake City.</subfield></datafield><datafield ind1="1" ind2=" " tag="775"><subfield code="t">Deseret evening news</subfield><subfield code="w">(DLC)sn 83045555</subfield><subfield code="w">(OCoLC)9505727</subfield></datafield><datafield ind1="1" ind2=" " tag="775"><subfield code="t">Deseret news (Salt Lake City, Utah : 1920)</subfield><subfield code="w">(DLC)sn 84037033</subfield><subfield code="w">(OCoLC)11256374</subfield></datafield><datafield ind1="1" ind2=" " tag="775"><subfield code="t">Deseret weekly</subfield><subfield code="w">(DLC)sn 85058149</subfield><subfield code="w">(OCoLC)12094929</subfield></datafield><datafield ind1="0" ind2="0" tag="780"><subfield code="t">Deseret news. Semi-weekly</subfield><subfield code="w">(DLC)sn 83021456</subfield><subfield code="w">(OCoLC)10172109</subfield></datafield></record>